@book{laski2009software,
  title={{Software Verification and Analysis}},
  author={Laski, J. and Stanley, W.},
  isbn={9781848822405},
  url={http://books.google.rs/books?id=5hFnaDQ1jiAC},
  year={2009},
  publisher={Springer-Verlag},
  address = {London}
}

@book{craftOfFuncProg,
  title={{The Craft of Functional Programming}},
  author={Simon Thompson},
  year={1999},
  publisher={Addison-Wesley},
  address = {London}
}

@misc{gcc,
title = {{GNU gcc}},
note = {on-line at: \url{http://gcc.gnu.org/}},
    author = {Free Software Foundation},
    year = {2013}
}


@misc{hat_haskell_org,
title = {{The Haskell Tracer Hat}},
note = {on-line at: \url{https://archives.haskell.org/projects.haskell.org/hat/}},
author = {Hat Team},
year = {2013}
}

@article{haltingproblem,
    author = {Turing, A. M.},
    citeulike-article-id = {155758},
    journal = {Proceedings of the London Mathematical Society},
    keywords = {computability, entscheidungsproblem, turing},
    number = {42},
    pages = {230--265},
    posted-at = {2005-04-08 18:11:59},
    priority = {0},
    title = {{On Computable Numbers, with an application to the Entscheidungsproblem}},
    volume = {2},
    year = {1936}
}

@article{wallace2001multiple,
  title={Multiple-view tracing for Haskell: a new Hat},
  author={Wallace, Malcolm and Chitil, Olaf and Brehm, Thorsten and Runciman, Colin},
  year={2001}
}

@inproceedings{chitil2002transforming,
  title={Transforming Haskell for tracing},
  author={Chitil, Olaf and Runciman, Colin and Wallace, Malcolm},
  booktitle={Symposium on Implementation and Application of Functional Languages},
  pages={165--181},
  year={2002},
  organization={Springer}
}

@article{hood,
  title = {Debugging Haskell by Observing Intermediate Data Structures},
  author = {Andy Gill},
  url = {http://ku-fpg.github.io/files/Gill-00-HOOD.pdf}
}
  
@article{declarative,
    title = {A Declarative Debugger for Haskell},
    author = {Bernard James Pope},
    url = {https://minerva-access.unimelb.edu.au/bitstream/handle/11343/39240/67295_00003290_01_Thesis.pdf},
    year = {2006}
}
@misc{mitchell-debug,
title = {{Mitchell Debug}},
note = {on-line at: \url{https://github.com/ndmitchell/debug}},
    author = {Neil D. Mitchell},
    year = {2017}
}

@book{agans2002debugging,
  title={Debugging: The 9 indispensable rules for finding even the most elusive software and hardware problems},
  author={Agans, David J},
  year={2002},
  publisher={Amacom}
}

@phdthesis{pope2006declarative,
  title={A declarative debugger for Haskell},
  author={Pope, Bernard James},
  year={2006}
}

@book{downey2019think,
  title={Think Java: How to Think Like a Computer Scientist},
  author={Downey, Allen B and Mayfield, Chris},
  year={2019},
  publisher={O'Reilly Media}
}

@article{stallman2002debugging,
  title={Debugging with GDB},
  author={Stallman, Richard and Pesch, Roland and Shebs, Stan and others},
  journal={Free Software Foundation},
  volume={51},
  pages={1--5},
  year={2002}
}

@book{lipovaca2011learn,
  title={Learn you a haskell for great good!: a beginner's guide},
  author={Lipovaca, Miran},
  year={2011},
  publisher={no starch press}
}

@article{pope2008step,
  title={Step inside the GHCi debugger},
  author={Pope, Bernie},
  journal={Monad Reader},
  volume={1},
  number={10},
  year={2008}
}


